<?xml version="1.0" encoding="UTF-8"?><record xmlns="http://www.loc.gov/MARC21/slim" xmlns:cinclude="http://apache.org/cocoon/include/1.0" xmlns:zs="http://www.loc.gov/zing/srw/">
  <leader>00477nz  a2200145n  4500</leader>
  <controlfield tag="001">no2002073053</controlfield>
  <controlfield tag="003">DLC</controlfield>
  <controlfield tag="005">20020815052741.0</controlfield>
  <controlfield tag="008">020814n| acannaabn          |a aaa      </controlfield>
  <datafield tag="010" ind1=" " ind2=" ">
    <subfield code="a">no2002073053</subfield>
  </datafield>
  <datafield tag="035" ind1=" " ind2=" ">
    <subfield code="a">(OCoLC)oca05836639</subfield>
  </datafield>
  <datafield tag="040" ind1=" " ind2=" ">
    <subfield code="a">DLC-ON</subfield>
    <subfield code="b">eng</subfield>
    <subfield code="c">DLC-ON</subfield>
  </datafield>
  <datafield tag="100" ind1="1" ind2=" ">
    <subfield code="a">Salahuddeen, Hussain,</subfield>
    <subfield code="d">1881-1948</subfield>
  </datafield>
  <datafield tag="400" ind1="0" ind2=" ">
    <subfield code="a">Hussain Salahuddeen,</subfield>
    <subfield code="d">1881-1948</subfield>
  </datafield>
  <datafield tag="670" ind1=" " ind2=" ">
    <subfield code="a">The story of Mohamed ThakurufaĚn, 2001:</subfield>
    <subfield code="b">t.p. (Hussain Salahuddeen) p. 3 (b. 1298 A.H., 1881; d. 1367 A.H., 1948)</subfield>
  </datafield>
</record>